@inproceedings{gutoski2015hierarchical,
  title={Hierarchical deterministic Bitcoin wallets that tolerate key leakage},
  author={Gutoski, Gus and Stebila, Douglas},
  booktitle={International Conference on Financial Cryptography and Data Security},
  pages={497--504},
  year={2015},
  organization={Springer}
}

@inproceedings{karantias2020proof,
  title={Proof-of-burn},
  author={Karantias, Kostis and Kiayias, Aggelos and Zindros, Dionysis},
  booktitle={International Conference on Financial Cryptography and Data Security},
  pages={523--540},
  year={2020},
  organization={Springer}
}

@inproceedings{gennaro2016threshold,
  title={Threshold-optimal DSA/ECDSA signatures and an application to Bitcoin wallet security},
  author={Gennaro, Rosario and Goldfeder, Steven and Narayanan, Arvind},
  booktitle={International Conference on Applied Cryptography and Network Security},
  pages={156--174},
  year={2016},
  organization={Springer}
}

@article{muhle2018survey,
  title={A survey on essential components of a self-sovereign identity},
  author={M{\"u}hle, Alexander and Gr{\"u}ner, Andreas and Gayvoronskaya, Tatiana and Meinel, Christoph},
  journal={Computer Science Review},
  volume={30},
  pages={80--86},
  year={2018},
  publisher={Elsevier}
}

@inproceedings{kaga2017secure,
  title={A secure and usable offline backup system for cryptocurrency wallets},
  author={Kaga, Yuto and Fujio, Masahiro and Naganuma, Kazuki and Takahashi, Kanta and Murakami, Takao and Ohki, Tsutomu and Nishigaki, Masakatsu},
  booktitle={2017 IEEE 41st Annual Computer Software and Applications Conference (COMPSAC)},
  volume={2},
  pages={34--39},
  year={2017},
  organization={IEEE}
}

@inproceedings{fan2019new,
  title={A new hardware wallet scheme for cryptocurrencies},
  author={Fan, Lei and Su, Hui and Liu, Tong and Chen, Xiaofeng and Bai, Guoai},
  booktitle={2019 IEEE International Conference on Blockchain (Blockchain)},
  pages={386--392},
  year={2019},
  organization={IEEE}
}

@article{johnson2001elliptic,
  title={The elliptic curve digital signature algorithm (ECDSA)},
  author={Johnson, Don and Menezes, Alfred and Vanstone, Scott},
  journal={International journal of information security},
  volume={1},
  number={1},
  pages={36--63},
  year={2001},
  publisher={Springer}
}

@article{schnorr1991efficient,
  title={Efficient signature generation by smart cards},
  author={Schnorr, Claus-Peter},
  journal={Journal of cryptology},
  volume={4},
  number={3},
  pages={161--174},
  year={1991},
  publisher={Springer}
}

@inproceedings{boneh2001short,
  title={Short signatures from the Weil pairing},
  author={Boneh, Dan and Lynn, Ben and Shacham, Hovav},
  booktitle={International conference on the theory and application of cryptology and information security},
  pages={514--532},
  year={2001},
  organization={Springer}
}

@inproceedings{boneh2003aggregate,
  title={Aggregate and verifiably encrypted signatures from bilinear maps},
  author={Boneh, Dan and Gentry, Craig and Lynn, Ben and Shacham, Hovav},
  booktitle={International Conference on the Theory and Applications of Cryptographic Techniques},
  pages={416--432},
  year={2003},
  organization={Springer}
}

@article{shamir1979share,
  title={How to share a secret},
  author={Shamir, Adi},
  journal={Communications of the ACM},
  volume={22},
  number={11},
  pages={612--613},
  year={1979},
  publisher={ACM New York, NY, USA}
}

@inproceedings{blakley1979safeguarding,
  title={Safeguarding cryptographic keys},
  author={Blakley, George Robert},
  booktitle={1979 international workshop on managing requirements knowledge (MARK)},
  pages={313--318},
  year={1979},
  organization={IEEE}
}

@article{desmedt1988threshold,
  title={Threshold cryptography},
  author={Desmedt, Yvo G},
  journal={European transactions on telecommunications},
  volume={5},
  number={4},
  pages={449--458},
  year={1988},
  publisher={Wiley Online Library}
}

@inproceedings{shoup2000practical,
  title={Practical threshold signatures},
  author={Shoup, Victor},
  booktitle={International Conference on the Theory and Applications of Cryptographic Techniques},
  pages={207--220},
  year={2000},
  organization={Springer}
}

@techreport{mraihi2011totp,
  title={Totp: Time-based one-time password algorithm},
  author={M'Raihi, David and Machani, Salah and Pei, Mingliang and Rydell, Johan},
  year={2011},
  institution={RFC 6238, May}
}

@inproceedings{reese2019usability,
  title={A usability study of five two-factor authentication methods},
  author={Reese, Ken and Smith, Trevor and Dutson, Jonathan and Armknecht, Jacob and Cameron, Jacob and Seamons, Kent},
  booktitle={Fifteenth Symposium on Usable Privacy and Security (SOUPS 2019)},
  year={2019}
}

@article{liao2010novel,
  title={A novel user authentication scheme based on QR-code},
  author={Liao, Kuan-Chieh and Lee, Wei-Hsiang},
  journal={Journal of networks},
  volume={5},
  number={8},
  pages={937--941},
  year={2010},
  publisher={Academy Publisher}
}

@article{zhang2020efficient,
  title={Efficient and secure implementation of BLS signature scheme in wireless sensor networks},
  author={Zhang, Yinghui and Xue, Cheng-Tao and He, Debiao and Li, Jin and Zhang, Rui},
  journal={IEEE Access},
  volume={8},
  pages={26260--26271},
  year={2020},
  publisher={IEEE}
}

@article{gennaro2007secure,
  title={Secure distributed key generation for discrete-log based cryptosystems},
  author={Gennaro, Rosario and Jarecki, Stanislaw and Krawczyk, Hugo and Rabin, Tal},
  journal={Journal of Cryptology},
  volume={20},
  number={1},
  pages={51--83},
  year={2007},
  publisher={Springer}
}

@inproceedings{boldyreva2003threshold,
  title={Threshold signatures, multisignatures and blind signatures based on the gap-Diffie-Hellman-group signature scheme},
  author={Boldyreva, Alexandra},
  booktitle={International Workshop on Public Key Cryptography},
  pages={31--46},
  year={2003},
  organization={Springer}
}

@techreport{barker2007recommendation,
  title={Recommendation for key management part 1: General (revision 3)},
  author={Barker, Elaine and Barker, William and Burr, William and Polk, William and Smid, Miles},
  year={2007},
  institution={National Institute of Standards and Technology}
}

@article{pinto2019demystifying,
  title={Demystifying arm trustzone: A comprehensive survey},
  author={Pinto, Sandro and Santos, Nuno},
  journal={ACM Computing Surveys (CSUR)},
  volume={51},
  number={6},
  pages={1--36},
  year={2019},
  publisher={ACM New York, NY, USA}
}

@inproceedings{gennaro2018fast,
  title={Fast multiparty threshold ECDSA with fast trustless setup},
  author={Gennaro, Rosario and Goldfeder, Steven},
  booktitle={Proceedings of the 2018 ACM SIGSAC Conference on Computer and Communications Security},
  pages={1179--1194},
  year={2018}
}

@article{ometov2018multi,
  title={Multi-factor authentication: A survey},
  author={Ometov, Aleksandr and Bezzateev, Sergey and M{\"a}kitalo, Niko and Andreev, Sergey and Mikkonen, Tommi and Koucheryavy, Yevgeni},
  journal={Cryptography},
  volume={2},
  number={1},
  pages={1},
  year={2018},
  publisher={Multidisciplinary Digital Publishing Institute}
}

@inproceedings{wang2018schnorr,
  title={Schnorr and BLS signature schemes based on LWE},
  author={Wang, Huian and He, Debiao and Wang, Jian},
  booktitle={International Conference on Information and Communications Security},
  pages={373--385},
  year={2018},
  organization={Springer}
}
